@Article{article,
  author =       {author},
  title =        {title},
  journal =      {journal},
  year =         {year},
}

@Book{book,
  author =       {author},
  title =        {title},
  publisher =    {publisher},
  year =         {year}
}
